@book{boslaugh2012,
  title={Statistics in a nutshell: A desktop quick reference},
  author={Boslaugh, Sarah},
  year={2012},
  publisher={O'Reilly Media}
}

@book{kaufman2009,
  title={Finding groups in data: an introduction to cluster analysis},
  author={Kaufman, Leonard and Rousseeuw, Peter J},
  volume={344},
  year={2009},
  publisher={John Wiley \& Sons}
}

@book{king2015,
  title={Cluster analysis and data mining: An introduction},
  author={King, Ronald S},
  year={2015},
  publisher={Stylus Publishing, LLC}
}

@book{lammel2020,
  title={K{\"u}nstliche Intelligenz: Wissensverarbeitung--Neuronale Netze},
  author={L{\"a}mmel, Uwe and Cleve, J{\"u}rgen},
  year={2020},
  publisher={Carl Hanser Verlag GmbH Co KG}
}

@book{patterson2017,
  title={Deep learning: A practitioner's approach},
  author={Patterson, Josh and Gibson, Adam},
  year={2017},
  publisher={O'Reilly Media}
}

@book{sutton2018,
  title={Reinforcement learning: An introduction},
  author={Sutton, Richard S and Barto, Andrew G},
  year={2018},
  publisher={MIT press}
}



@article{arora2016,
  title={Analysis of k-means and k-medoids algorithm for big data},
  author={Arora, Preeti and Varshney, Shipra and others},
  journal={Procedia Computer Science},
  volume={78},
  pages={507--512},
  year={2016},
  publisher={Elsevier}
}

@article{cha2007,
  title={Comprehensive survey on distance/similarity measures between probability density functions},
  author={Cha, Sung-Hyuk},
  journal={City},
  volume={1},
  number={2},
  pages={1},
  year={2007}
}

@inproceedings{chen2019,
  title={Fine-grained product categorization in e-commerce},
  author={Chen, Hongshen and Zhao, Jiashu and Yin, Dawei},
  booktitle={Proceedings of the 28th ACM International Conference on Information and Knowledge Management},
  pages={2349--2352},
  year={2019}
}

@inproceedings{cohen2003,
  title={A Comparison of String Distance Metrics for Name-Matching Tasks},
  author={Cohen, William W and Ravikumar, Pradeep and Fienberg, Stephen E and others},
  booktitle={IIWeb},
  volume={3},
  pages={73--78},
  year={2003},
  organization={Citeseer}
}

@article{cui2021,
  title={Intelligent recommendation system based on mathematical modeling in personalized data mining},
  author={Cui, Yimin},
  journal={Mathematical Problems in Engineering},
  volume={2021},
  year={2021},
  publisher={Hindawi}
}

@article{huang1998,
  title={Extensions to the k-means algorithm for clustering large data sets with categorical values},
  author={Huang, Zhexue},
  journal={Data mining and knowledge discovery},
  volume={2},
  number={3},
  pages={283--304},
  year={1998},
  publisher={Springer}
}

@article{jia2017,
  title={Subspace clustering of categorical and numerical data with an unknown number of clusters},
  author={Jia, Hong and Cheung, Yiu-Ming},
  journal={IEEE transactions on neural networks and learning systems},
  volume={29},
  number={8},
  pages={3308--3325},
  year={2017},
  publisher={IEEE}
}

@article{kou2012,
  title={Multiple factor hierarchical clustering algorithm for large scale web page and search engine clickstream data},
  author={Kou, Gang and Lou, Chunwei},
  journal={Annals of Operations Research},
  volume={197},
  number={1},
  pages={123--134},
  year={2012},
  publisher={Springer}
}

@article{kumar2001,
  title={Recommendation systems: A probabilistic analysis},
  author={Kumar, Ravi and Raghavan, Prabhakar and Rajagopalan, Sridhar and Tomkins, Andrew},
  journal={Journal of Computer and System Sciences},
  volume={63},
  number={1},
  pages={42--61},
  year={2001},
  publisher={Elsevier}
}

@article{oh2019,
  title={A resource recommendation method based on dynamic cluster analysis of application characteristics},
  author={Oh, Yoori and Kim, Yoonhee},
  journal={Cluster Computing},
  volume={22},
  number={1},
  pages={175--184},
  year={2019},
  publisher={Springer}
}

@article{rajalingam2011,
  title={Hierarchical Clustering Algorithm - A Comparative Study},
  author={Rajalingam, N and Ranjini, K},
  journal={International Journal of Computer Applications},
  volume={19},
  number={3},
  pages={42--46},
  year={2011},
  publisher={Citeseer}
}

@article{rendon2011,
  title={Internal versus External cluster validation indexes},
  author={Rend{\'o}n, Er{\'e}ndira and Abundez, Itzel and Arizmendi, Alejandra and Quiroz, Elvia M},
  journal={International Journal of computers and communications},
  volume={5},
  number={1},
  pages={27--34},
  year={2011}
}

@book{robertson2009,
  title={The probabilistic relevance framework: BM25 and beyond},
  author={Robertson, Stephen and Zaragoza, Hugo},
  year={2009},
  publisher={Now Publishers Inc}
}

@article{steinbach2000,
  title={A comparison of document clustering techniques},
  author={Steinbach, Michael and Karypis, George and Kumar, Vipin},
  year={2000}
}
